@ARTICLE{Lee:2021,
author={Lee, Jung-Bok and Yoo, Tae-Hee and Lee, Eo-Hyung and Hwang, Byeong-Ha and Ahn, Sung-Won and Cho, Choong-Hee},
journal={IEEE Access}, 
title={High-Performance Software Load Balancer for Cloud-Native Architecture}, 
year={2021},
volume={9},
number={},
pages={123704-123716},
doi={10.1109/ACCESS.2021.3108801},
file = {}
}
%edition = {2. Auflage}


@Book{Fiedelholtz:2021,
author = {Fiedelholtz},
title = {The Cyber Security Network Guide. Studies in Systems,Decision and Control, vol 274},
publisher = {Springer},
year = {2021}
}
%edition = {6. Auflage}


@online{lit:Gossman:MVVM,
	author = "John Gossman",
	title = "{Introduction to Model/View/ViewModel pattern for building WPF apps}",
	organization = "Microsoft",
	month = "10",
	year = "2005",
	url = "https://blogs.msdn.microsoft.com/johngossman/2005/10/08/introduction-to-modelviewviewmodel-pattern-for-building-wpf-apps/",
	urldate = "2018-08-03"
}


@InProceedings{lit:SyromiatnikovEtAl:Model-View-*DesignPatterns,
	author = {Artem Syromiatnikov and Danny Weyns},
	title = "{A Journey Through the Land of Model-View-* Design Patterns}",
	booktitle = {Proceedings - Working IEEE/IFIP Conference on Software Architecture 2014, WICSA 2014},
	pages = {21--30},
	year = {2014},
	address = {Sydney, Australia},
	publisher = {IEEE Computer Society}
}

@Book{lit:GammaEtAl:DesignPatterns,
	author = {Erich Gamma and Richard Helm and Ralph Johnson and John Vlissides},
	title = "{Design Patterns -- Elements of Reusable Object-Oriented Software}",
	publisher = {Addison Wesley, Professional Computing Series},
	year = {1995}
}
%	series = {}

@electronic{lit:HSB:AT-BPO,
	author = "{Hochschule Bremen}",
	title = "{Allgemeiner Teil der Bachelorprüfungsordnungen der Hochschule Bremen}",
	month = "Mai",
	year = "2018",
	url = "http://www.hs-bremen.de/mam/hipdoc/r02/pruefungsordnungen/AT/at-bpo-lesefassung-5-2018.pdf",
	note = "zuletzt besucht am 06.08.2018"
}

@electronic{lit:HSB:AT-MPO,
	author = "{Hochschule Bremen}",
	title = "{Allgemeiner Teil der Masterprüfungsordnungen der Hochschule Bremen}",
	month = "Juni",
	year = "2018",
	url = "http://www.hs-bremen.de/mam/hipdoc/r02/pruefungsordnungen/AT/at-mpo-lesefassg-2018-2.pdf",
	note = "zuletzt besucht am 06.08.2018"
}

@Book{lit:Prevezanos:TechnischesSchreiben,
author = {Christoph Prevezanos},
title = {Technisches Schreiben: Für Informatiker, Akademiker, Techniker und den Berufsalltag},
publisher = {Carl Hanser Verlag},
year = {2013}
}
